@Manual{dorng,
    title = {doRNG: Generic Reproducible Parallel Backend for foreach Loops},
    author = {Renaud Gaujoux},
    year = {2014},
    note = {R package version 1.6},
  }

@Manual{doparallel,
    title = {doParallel: Foreach Parallel Adaptor for the 'parallel' Package},
    author = {{Revolution Analytics} and Steve Weston},
    year = {2015},
    note = {R package version 1.0.10},
  }

@Manual{foreach,
    title = {foreach: Provides Foreach Looping Construct for R},
    author = {{Revolution Analytics} and Steve Weston},
    year = {2015},
    note = {R package version 1.4.3},
  }

@Manual{rdrobust,
    title = {rdrobust: Robust Data-Driven Statistical Inference in
Regression-Discontinuity Designs},
    author = {Sebastian Calonico and Matias D. Cattaneo and Rocio Titiunik},
    year = {2015},
    note = {R package version 0.80},
  }

@Manual{R,
    title = {R: A Language and Environment for Statistical Computing},
    author = {{R Core Team}},
    organization = {R Foundation for Statistical Computing},
    address = {Vienna, Austria},
    year = {2015},
  }

@ARTICLE{AshenfelterCard,
  author =	 {Orley Ashenfelter and David Card},
  title =	 {Using the Longitudinal Structure of Earnings to
                  Estimate the Effect of Training Programs},
  journal =	 {Review of Economics and Statistics},
  year =	 1985,
  volume =	 67,
  pages =	 {648-660},
  number =	 4,
}

@UNPUBLISHED{BPSClosings,
  author =	 {Lisa Barrow and Kyung-Hong Park and Diane Whitmore
                  Schanzenbach},
  title =	 {Assessing the Impact on Students of Closing
                  Persistently Failing Schools},
  year =	 2012,
}

@MISC{CCDclosings,
  author =	 {Common Core of Data},
  title =	 {Numbers and Types of Public Elementary and Secondary
                  Schools from the Common Core of Data: School Year
                  2009-2010.},
  howpublished =
                  {\urlstyle{same}\url{http://nces.ed.gov/pubs2011/pesschools09/tables/table_01.asp}},
  year =	 2011,
  note =	 {Accessed November 7, 2011},
  organization = {National Center for Education Statistics},
}

@article{Card2009,
  author =	 {Card, David and Dobkin, Carlos and Maestas, Nicole},
  title =	 {Does Medicare Save Lives?},
  volume =	 124,
  number =	 2,
  pages =	 {597-636},
  year =	 2009,
  doi =		 {10.1162/qjec.2009.124.2.597},
  journal =	 {Quarterly Journal of Economics}
}

@article{caughey2011elections,
  title={Elections and the regression discontinuity design: Lessons from close US house races, 1942--2008},
  author={Caughey, Devin and Sekhon, Jasjeet S},
  journal={Political Analysis},
  volume={19},
  number={4},
  pages={385--408},
  year={2011},
  publisher={SPM-PMSAPSA}
}

@ARTICLE{FanGijbels92,
  author =	 {Fan, Jianqing and Gijbels, Irene},
  title =	 {Variable Bandwidth and Local Linear Regression
                  Smoothers},
  journal =	 {Annals of Statistics},
  year =	 1992,
  volume =	 20,
  pages =	 {1669-2195},
  number =	 4,
}

@article{Fujiwara2011,
  year =	 2011,
  volume =	 6,
  journal =	 {Quarterly Journal of Political Science},
  title =	 {A Regression Discontinuity Test of Strategic Voting
                  and Duverger's Law},
  issn =	 {1554-0626},
  number =	 {3-4},
  pages =	 {197-233},
  author =	 {Thomas Fujiwara}
}

@article {Fujiwara2015,
  author =	 {Fujiwara, Thomas},
  title =	 {Voting Technology, Political Responsiveness, and
                  Infant Health: Evidence From Brazil},
  journal =	 {Econometrica},
  volume =	 83,
  number =	 2,
  publisher =	 {Blackwell Publishing Ltd},
  issn =	 {1468-0262},
  pages =	 {423-464},
  year =	 2015,
}

@ARTICLE{HKRmobility,
  author =	 {Eric A. Hanushek and John F. Kain and Steven
                  G. Rivkin},
  title =	 {Disruption Versus Tiebout Improvement: The Costs and
                  Benefits of Switching Schools},
  journal =	 {Journal of Public Economics},
  year =	 2004,
  volume =	 88,
  pages =	 {1721-1746},
  number =	 9,
}

@ARTICLE{HTV2001,
  author =	 {Hahn, Jinyong and Todd, Petra and Van der Klaauw,
                  Wilbert},
  title =	 {Identification and Estimation of Treatment Effects
                  with a Regression-Discontinuity Design},
  journal =	 {Econometrica},
  year =	 2001,
  volume =	 69,
  pages =	 {201-209},
  number =	 1,
}

@ARTICLE{IK,
  author =	 {Guido W. Imbens and Karthik Kalyanaraman},
  title =	 {Optimal Bandwitdth Choice for the Regression
                  Discontinuity Estimator},
  journal =	 {Review of Economic Studies},
  year =	 2012,
  volume =	 79,
  pages =	 {933-959},
  number =	 3,
}

@ARTICLE{JLS,
  author =	 {Louis S. Jacobson and Robert J. LaLonde and Daniel
                  G. Sullivan},
  title =	 {Earnings Losses of Displaced Workers},
  journal =	 {American Economic Review},
  year =	 1993,
  volume =	 83,
  pages =	 {300-327},
  number =	 4,
}

@ARTICLE{JacksonRESTAT,
  author =	 {C. Kirabo Jackson},
  title =	 {Match Quality, Worker Productivity, and Worker
                  Mobility: Direct Evidence from Teachers},
  journal =	 {Review of Economics and Statistics},
  year =	 {forthcoming},
}

@MISC{MDEtestexplanation,
  author =	 {Michigan Department of Education},
  title =	 {Frequently Asked Questions About MEAP and MI-Access
                  Fall 2005 Assessment Results},
  year =	 2005,
  note =	 {Accessed May 29, 2011}
}

@unpublished{Porter03,
  author =	 {Porter, Jack},
  title =	 {Estimation in the Regression Discontinuity Model},
  year =	 2003,
  note =	 {Unpublished Manuscript, Department of Economics,
                  University of Wisconsin, Madison},
}

@MISC{a2reg,
  author =	 {Amine Ouazad},
  title =	 {A2REG: Stata Module to Estimate Models with Two
                  Fixed Effects},
  howpublished = {Statistical Software Components, Boston College
                  Department of Economics},
  month =	 Jun,
  year =	 2008,
}

@ARTICLE{abdulkadirouglu2011,
  author =	 {Atila {Abdulkadiro{\u{g}}lu} and Angrist, Joshua
                  D. and Dynarski, Susan M. and Kane, Thomas J. and
                  Pathak, Parag A.},
  title =	 {Accountability and Flexibility in Public Schools:
                  Evidence from Boston's Charters and Pilots},
  journal =	 {Quarterly Journal of Economics},
  year =	 2011,
  volume =	 126,
  pages =	 {699-748},
  number =	 2,
}

@ARTICLE{abowd1999handbook,
  author =	 {Abowd, John M. and Kramarz, Francis},
  title =	 {The Analysis of Labor Markets using Matched
                  Employer-Employee Data},
  journal =	 {Handbook of Labor Economics},
  year =	 1999,
  volume =	 3,
  pages =	 {2629-2710},
}

@ARTICLE{abowd1999high,
  author =	 {Abowd, John M. and Kramarz, Francis and Margolis,
                  David N.},
  title =	 {High Wage Workers and High Wage Firms},
  journal =	 {Econometrica},
  year =	 1999,
  volume =	 67,
  pages =	 {251-333},
  number =	 2,
}

@UNPUBLISHED{abowd2002a2reg,
  author =	 {John M. Abowd and Robert H. Creecy and Francis
                  Kramarz},
  title =	 {Computing Person and Firm Effects using Linked
                  Longitudinal Employer-Employee Data},
  note =	 {Technical Report 2002-06, U.S. Census Bureau.},
  year =	 2002,
}

@ARTICLE{ahn2014,
  author =	 {Ahn, Thomas and Jacob Vigdor},
  title =	 {The Impact of No Child Left Behind's Accountability
                  Sanctions on School Performance: Regression
                  Discontinuity Evidence from North Carolina},
  year =	 2014,
  volume =	 {NBER Working Paper No. 20511},
  owner =	 {Quentin},
  timestamp =	 {2015.08.19}
}

@ARTICLE{akee2013,
  author =	 {Akee, Randall Q and Halliday, Timothy J and Kwak,
                  Sally},
  title =	 {Investigating the Effects of Furloughing Public
                  School Teachers on Juvenile Crime in Hawaii},
  year =	 2013,
  volume =	 {Working Paper, University of Hawaii}
}

@ARTICLE{almond2010,
  author =	 {Almond, Douglas and Doyle, Joseph J. and Kowalski,
                  Amanda E. and Williams, Heidi},
  title =	 {Estimating Marginal Returns to Medical Care:
                  Evidence from At-Risk Newborns},
  journal =	 {Quarterly Journal of Economics},
  year =	 2010,
  volume =	 125,
  pages =	 {591-634},
  number =	 2,
  publisher =	 {Oxford University Press}
}

@ARTICLE{anderson2012,
  author =	 {D. Mark Anderson and Mary Beth Walker},
  title =	 {Does Shortening the School Week Impact Student
                  Performance? Evidence from the Four-Day School Week},
  journal =	 {Education Finance and Policy},
  year =	 2013,
  volume =	 {Forthcoming},
  owner =	 {Quentin},
  timestamp =	 {2012.11.05}
}

@ARTICLE{angrist2004,
  author =	 {Angrist, Joshua D. and Lang, Kevin},
  title =	 {Does School Integration Generate Peer Effects?
                  Evidence from Boston's Metco Program},
  journal =	 {American Economic Review},
  year =	 2004,
  volume =	 94,
  pages =	 {1613-1634},
  number =	 5
}

@ARTICLE{angristlang1999,
  author =	 {Angrist, Joshua D. and Lavy, Victor},
  title =	 {Using Maimonides' Rule to Estimate the Effect of
                  Class Size on Scholastic Achievement},
  journal =	 {Quarterly Journal of Economics},
  year =	 1999,
  volume =	 114,
  pages =	 {533-575},
  number =	 2,
  publisher =	 {Oxford University Press}
}

@ARTICLE{arellano2011,
  author =	 {Arellano, Manuel and Bonhomme, St\'{e}phane},
  title =	 {Identifying Distributional Characteristics in Random
                  Coefficients Panel Data Models},
  journal =	 {The Review of Economic Studies},
  year =	 2011,
  file =
                  {:C\:\\Users\\Quentin\\Desktop\\Papers\\Methodological\\Arellano
                  and Bonhomme REStud (2011).pdf:PDF},
  publisher =	 {Oxford University Press}
}

@ARTICLE{ashenfelter1978,
  author =	 {Orley Ashenfelter},
  title =	 {Estimating the Effect of Training Programs on
                  Earnings},
  journal =	 {Review of Economics and Statistics},
  year =	 1978,
  volume =	 60,
  pages =	 {47-57},
  number =	 1,
  file =	 {:C\:\\Users\\Quentin\\Desktop\\Papers\\Displaced
                  Worker\\ashenfelter1978.pdf:PDF},
  owner =	 {Quentin},
  timestamp =	 {2012.06.15}
}

@ARTICLE{banzhaf2008,
  author =	 {Banzhaf, H. Spencer and Walsh, Randall P.},
  title =	 {Do People Vote with Their Feet? An Empirical Test of
                  Tiebout's Mechanism},
  journal =	 {American Economic Review},
  year =	 2008,
  volume =	 98,
  pages =	 {843-863},
  number =	 3,
  owner =	 {Quentin},
  timestamp =	 {2012.09.17}
}

@article{barreca2011saving,
  title =	 {Saving Babies? Revisiting the effect of very low
                  birth weight classification},
  author =	 {Barreca, Alan I and Guldi, Melanie and Lindo, Jason
                  M and Waddell, Glen R},
  journal =	 {The Quarterly Journal of Economics},
  volume =	 126,
  number =	 4,
  pages =	 {2117--2123},
  year =	 2011,
  publisher =	 {Oxford University Press}
}

@ARTICLE{baum2007monocentric,
  author =	 {Baum-Snow, Nathaniel},
  title =	 {Suburbanization and Transportation in the
                  Monocentric Model},
  journal =	 {Journal of Urban Economics},
  year =	 2007,
  volume =	 62,
  pages =	 {405-423},
  number =	 3,
  file =	 {:C\:\\Users\\Quentin\\Desktop\\Commuting\\Baum-Snow
                  JUrbE (2007).pdf:PDF},
  publisher =	 {Elsevier}
}

@ARTICLE{baumsnow2007,
  author =	 {Baum-Snow, Nathaniel},
  title =	 {Did Highways Cause Suburbanization?},
  journal =	 {Quarterly Journal of Economics},
  year =	 2007,
  volume =	 122,
  pages =	 {775-805},
  number =	 2,
  file =	 {:C\:\\Users\\Quentin\\Desktop\\Commuting\\Baum-Snow
                  QJE (2007).pdf:PDF},
  publisher =	 {Oxford University Press}
}

@ARTICLE{baumsnow2009,
  author =	 {Baum-Snow, Nathaniel and Marion, Justin},
  title =	 {The Effects of Low Income Housing Tax Credit
                  Developments on Neighborhoods},
  journal =	 {Journal of Public Economics},
  year =	 2009,
  volume =	 93,
  pages =	 {654-666},
  number =	 5,
  owner =	 {Quentin},
  publisher =	 {Elsevier},
  timestamp =	 {2015.04.20}
}

@ARTICLE{bb15,
  author =	 {Bartalotti, Ot\'{a}vio and Brummet, Quentin},
  title =	 {Estimation and Inference in Regression Discontinuity
                  Designs with Clustered Sampling},
  year =	 2015,
  volume =	 {Unpublished Manuscript, Department of Economics,
                  Iowa State University},
  pages =	 {1-38},
  publisher =	 {Citeseer}
}

@ARTICLE{bhat2005,
  author =	 {Bhattacharya, Debopam},
  title =	 {Asymptotic Inference from Multi-stage Samples},
  journal =	 {Journal of Econometrics},
  year =	 2005,
  volume =	 126,
  pages =	 {145-171},
  number =	 1,
  publisher =	 {Elsevier}
}

@article{bickel1981,
  title =	 {Some asymptotic theory for the bootstrap},
  author =	 {Bickel, Peter J. and Freedman, David A.},
  journal =	 {Annals of Statistics},
  pages =	 {1196-1217},
  year =	 1981,
}

@ARTICLE{billger_determinants,
  author =	 {Sherrilyn M. Billger and Frank D. Beck},
  title =	 {The Determinants of School Closures: Lessons from
                  Longitudinal Data Throughout Illinois},
  journal =	 {Journal of Education Finance},
  year =	 2012,
  volume =	 {Forthcoming},
  file =	 {:C\:\\Users\\Quentin\\Desktop\\School
                  Closings\\Literature\\dp4641.pdf:PDF},
  owner =	 {Quentin},
  timestamp =	 {2012.06.21}
}

@ARTICLE{boyd2008,
  author =	 {Donald Boyd and Hamilton Lankford and Susanna Loeb
                  and James Wyckoff},
  title =	 {The Impact of Assessment and Accountability on
                  Teacher Recruitment and Retention: Are There
                  Unintended Consequences?},
  journal =	 {Public Finance Review},
  year =	 2008,
  volume =	 36,
  pages =	 {88-111},
  number =	 1,
  owner =	 {Quentin},
  timestamp =	 {2013.05.12}
}

@ARTICLE{boydme_nber,
  author =	 {Donald Boyd and Hamilton Lankford and Susanna Loeb
                  and James Wyckoff},
  title =	 {Measuring Test Measurement Error: A General
                  Approach},
  year =	 2012,
  volume =	 {NBER Working Paper 18010},
  file =
                  {:C\:\\Users\\Quentin\\Desktop\\Papers\\Methodological\\w18010.pdf:PDF},
  owner =	 {Quentin},
  timestamp =	 {2012.06.19}
}

@BOOK{brady2003,
  title =	 {Can Failing Schools Be Fixed?},
  publisher =	 {Thomas B. Fordham Foundation},
  year =	 2003,
  author =	 {Brady, Ronald C.},
  address =	 {Washington, D.C.},
  file =	 {:C\:\\Users\\Quentin\\Desktop\\School
                  Closings\\Literature\\Closings\\Brady
                  (2003).pdf:PDF},
  journal =	 {Thomas B. Fordham Foundation}
}

@ARTICLE{brunner2012,
  author =	 {Brunner, Eric J. and Cho, Sung-Woo and Reback,
                  Randall},
  title =	 {Mobility, Housing Markets, and Schools: Estimating
                  General Equilibrium Effects of Interdistrict Choice},
  journal =	 {Journal of Public Economics},
  year =	 2012,
  volume =	 96,
  pages =	 {604-614},
  number =	 7
}

@ARTICLE{calabrese2006,
  author =	 {Calabrese, Stephen and Epple, Dennis and Romer,
                  Thomas and Sieg, Holger},
  title =	 {Local Public Good Provision: Voting, Peer Effects,
                  and Mobility},
  journal =	 {Journal of Public Economics},
  year =	 2006,
  volume =	 90,
  pages =	 {959-981},
  number =	 6,
  publisher =	 {Elsevier}
}

@ARTICLE{calonico2014,
  author =	 {Calonico, Sebastian and Cattaneo, Matias D. and
                  Titiunik, Rocio},
  title =	 {Robust Nonparametric Confidence Intervals for
                  Regression-Discontinuity Designs},
  journal =	 {Econometrica},
  year =	 2014,
  volume =	 82,
  pages =	 {2295-2326},
  number =	 6,
  owner =	 {Quentin},
  timestamp =	 {2014.02.13}
}

@unpublished{calonico2015,
  title =	 {Regression Discontinuity Designs using Covariates},
  author =	 {Calonico, Sebastian and Cattaneo, Matias D and
                  Farrell, Max H and Titiunik, Roc{\i}o},
  year =	 2015,
  note =	 {Unpublished working paper}
}

@ARTICLE{cameron2008bootstrap,
  author =	 {Cameron, A. Colin and Gelbach, Jonah B. and Miller,
                  Douglas L.},
  title =	 {Bootstrap-Based Improvements for Inference with
                  Clustered Errors},
  journal =	 {Review of Economics and Statistics},
  year =	 2008,
  volume =	 90,
  pages =	 {414-427},
  number =	 3,
  publisher =	 {MIT Press}
}

@ARTICLE{card2008,
  author =	 {Card, David and Dobkin, Carlos and Maestas, Nicole},
  title =	 {The Impact of Nearly Universal Insurance Coverage on
                  Health Care Utilization and Health: Evidence from
                  Medicare},
  journal =	 {American Economic Review},
  year =	 2008,
  volume =	 98,
  pages =	 {2242-2258},
  number =	 5
}

@unpublished{card2009b,
  title =	 {Quasi-experimental identification and estimation in
                  the regression kink design},
  author =	 {Card, David and Lee, David S and Pei, Zhuan and
                  others},
  year =	 2009,
  note =	 {Working Paper, Princeton University}
}

@ARTICLE{cardkrueger1992,
  author =	 {David Card and Alan B. Krueger},
  title =	 {Does School Quality Matter? Returns to Education and
                  the Characteristics of Public Schools in the United
                  States},
  journal =	 {Journal of Political Economy},
  year =	 1992,
  volume =	 100,
  pages =	 {1-40},
  number =	 1,
  owner =	 {Quentin},
  timestamp =	 {2012.09.05}
}

@ARTICLE{carlson2011,
  author =	 {Carlson, Deven and Lavery, Lesley and Witte, John
                  F.},
  title =	 {The Determinants of Interdistrict Open Enrollment
                  Flows: Evidence From Two States},
  journal =	 {Educational Evaluation and Policy Analysis},
  year =	 2011,
  volume =	 33,
  pages =	 {76-94},
  number =	 1,
  publisher =	 {SAGE Publications}
}

@ARTICLE{cascio2012,
  author =	 {Cascio, Elizabeth U. and Staiger, Douglas O.},
  title =	 {Knowledge, Tests, and Fadeout in Educational
                  Interventions},
  year =	 2012,
  volume =	 {NBER Working Paper 18038},
  institution =	 {NBER Working Paper 18038}
}

@ARTICLE{ccf2016,
  author =	 {Calonico, Sebastian and Cattaneo, Matias D. and
                  Farrell, Max},
  title =	 {On the Effect of Bias Estimation on Coverage
                  Accuracy in Nonparametric Inference},
  journal =	 {Working Paper, Department of Economics, University
                  of Michigan},
  year =	 2016,
  owner =	 {Otavio},
  timestamp =	 {2016.02.15}
}

@ARTICLE{cellini2010,
  author =	 {Stephanie Riegg Cellini and Fernando Ferreira and
                  Jesse Rothstein},
  title =	 {The Value of School Facility Investments: Evidence
                  from a Dynamic Regression Discontinuity Design},
  journal =	 {Quarterly Journal of Economics},
  year =	 2010,
  volume =	 125,
  pages =	 {215-261},
  number =	 1,
  owner =	 {Quentin},
  timestamp =	 {2012.06.07}
}

@ARTICLE{chay2005,
  author =	 {Kenneth Y. Chay and Patrick J. McEwan and Miguel
                  Urquiola},
  title =	 {The Central Role of Noise in Evaluating
                  Interventions That Use Test Scores to Rank Schools},
  journal =	 {American Economic Review},
  year =	 2005,
  volume =	 95,
  pages =	 {1237-1258},
  number =	 4,
  file =
                  {:C\:\\Users\\Quentin\\Desktop\\Papers\\Methodological\\Chay
                  et al AER (2005).pdf:PDF},
  owner =	 {Quentin},
  timestamp =	 {2012.06.07}
}

@ARTICLE{chen2007,
  author =	 {Chen, M. Keith and Shapiro, Jesse M.},
  title =	 {Do Harsher Prison Conditions Reduce Recidivism? A
                  Discontinuity-Based Approach},
  journal =	 {American Law and Economics Review},
  year =	 2007,
  volume =	 9,
  pages =	 {1-29},
  number =	 1,
  publisher =	 {Am Law Econ Assoc}
}

@MISC{chicagostrike,
  author =	 {Lah, Kyung and Greg Botelho},
  title =	 {Union Opts to Continue Chicago Teachers Strike;
                  Mayor Takes Fight to Court},
  howpublished =
                  {http://articles.cnn.com/2012-09-16/us/us\textunderscore
                  illinois-chicago-teachers-strike\textunderscore
                  1\textunderscore
                  chicago-teachers-union-union-president-karen-lewis-union-delegates},
  month =	 {September 16},
  year =	 2012,
  note =	 {Accessed September 17, 2012},
  comment =	 {CNN},
  organization = {CNN},
  owner =	 {Quentin},
  timestamp =	 {2012.09.17}
}

@ARTICLE{chingos2011,
  author =	 {Martin M. Chingos and Martin R. West},
  title =	 {Promotion and Reassignment in Public School
                  Districts: How do Schools Respond to Differences in
                  Teacher Effectiveness?},
  journal =	 {Economics of Education Review},
  year =	 2011,
  volume =	 30,
  pages =	 {419-433},
  number =	 3,
  file =	 {:C\:\\Users\\Quentin\\Desktop\\Grade Switching\\West
                  and Chingos.pdf:PDF},
  owner =	 {Quentin},
  timestamp =	 {2012.06.08}
}

@ARTICLE{cohenvogel2007,
  author =	 {Lora Cohen-Vogel and La'Tara Osborne-Lampkin},
  title =	 {Allocating Quality: Collective Bargaining Agreements
                  and Administrative Discretion over Teacher
                  Assignment},
  journal =	 {Educational Administration Quarterly},
  year =	 2007,
  volume =	 43,
  pages =	 {433-461},
  number =	 4,
  owner =	 {Quentin},
  timestamp =	 {2013.05.12}
}

@ARTICLE{cohenvogel2011,
  author =	 {Lora Cohen-Vogel},
  title =	 {``Staffing to the Test'': Are Today�s School
                  Personnel Practices Evidence Based?},
  journal =	 {Educational Evaluation and Policy Analysis},
  year =	 2011,
  volume =	 33,
  pages =	 {483-505},
  number =	 4,
  owner =	 {Quentin},
  timestamp =	 {2013.05.12}
}

@ARTICLE{conleytaber2011,
  author =	 {Timothy G. Conley and Christopher R. Taber},
  title =	 {Inference with ``Dfference in Differences" with a
                  Small Number of Policy Changes},
  journal =	 {Review of Economics and Statistics},
  year =	 2011,
  volume =	 92,
  pages =	 {113-125},
  number =	 1,
  owner =	 {Quentin},
  timestamp =	 {2012.09.27}
}

@ARTICLE{cooper2003,
  author =	 {Cooper, Harris and Valentine, Jeffrey C. and
                  Charlton, Kelly and Melson, April},
  title =	 {The Effects of Modified School Calendars on Student
                  Achievement and on School and Community Attitudes},
  journal =	 {Review of Educational Research},
  year =	 2003,
  volume =	 73,
  pages =	 {1-52},
  number =	 1,
  publisher =	 {Sage Publications}
}

@ARTICLE{cullen2005jpube,
  author =	 {Cullen, Julie B. and Jacob, Brian A. and Levitt,
                  Steven D.},
  title =	 {The Impact of School Choice on Student Outcomes: An
                  Analysis of the Chicago Public Schools},
  journal =	 {Journal of Public Economics},
  year =	 2005,
  volume =	 89,
  pages =	 {729-760},
  number =	 5,
  file =	 {:C\:\\Users\\Quentin\\Desktop\\Papers\\Schools of
                  Choice\\cullen et al 2005.pdf:PDF},
  publisher =	 {Elsevier}
}

@ARTICLE{cullen2006,
  author =	 {Cullen, Julie B. and Jacob, Brian A. and Levitt,
                  Steven D.},
  title =	 {The Effect of School Choice on Participants:
                  Evidence from Randomized Lotteries},
  journal =	 {Econometrica},
  year =	 2006,
  volume =	 74,
  pages =	 {1191-1230},
  number =	 5,
  publisher =	 {Wiley Online Library}
}

@BOOK{delatorregwynne2009,
  title =	 {When Schools Close: Effects on Displaced Students in
                  Chicago Public Schools},
  publisher =	 {Consortium on Chicago School Research},
  year =	 2009,
  author =	 {De la Torre, Marisa and Gwynne, Julia},
  address =	 {1313 East 60th Street, Chicago, IL 60637},
  file =	 {:C\:\\Users\\Quentin\\Desktop\\School
                  Closings\\Literature\\Closings\\CPS Report.pdf:PDF}
}

@ARTICLE{deming2011,
  author =	 {David J. Deming},
  title =	 {Better Schools, Less Crime?},
  journal =	 {Quarterly Journal of Economics},
  year =	 2011,
  volume =	 126,
  pages =	 {2063-2115},
  number =	 4,
  owner =	 {Quentin},
  timestamp =	 {2012.09.22}
}

@ARTICLE{dieterleJMP,
  author =	 {Steven Dieterle},
  title =	 {Class-size Reduction Policies and the Quality of
                  Entering Teachers},
  year =	 2011,
  note =	 {Working Paper. Michigan State University},
  institution =	 {Working Paper, Michigan State University},
  owner =	 {Quentin},
  timestamp =	 {2012.06.29}
}

@ARTICLE{dobkin2010,
  author =	 {Dobkin, Carlos and Ferreira, Fernando},
  title =	 {Do School Entry Laws Affect Educational Attainment
                  and Labor Market Outcomes?},
  journal =	 {Economics of Education Review},
  year =	 2010,
  volume =	 29,
  pages =	 {40-54},
  number =	 1,
  owner =	 {Quentin},
  timestamp =	 {2014.02.13}
}

@ARTICLE{donaldlang2007,
  author =	 {Stephen G. Donald and Kevin Lang},
  title =	 {Inference with Difference-in-Differences and Other
                  Panel Data},
  journal =	 {Review of Economics and Statistics},
  year =	 2007,
  volume =	 89,
  pages =	 {221-233},
  number =	 2,
  owner =	 {Quentin},
  timestamp =	 {2012.09.27}
}

@TECHREPORT{dong2012,
  author =	 {Dong, Yingying},
  title =	 {Regression Discontinuity Applications with Rounding
                  Errors in the Running Variable},
  institution =	 {University of California-Irvine, Department of
                  Economics},
  year =	 2012,
  file =	 {:C\:\\Users\\Quentin\\Desktop\\RD\\Lit\\Dong WP
                  (2012).pdf:PDF}
}

@ARTICLE{duranton2011,
  author =	 {Duranton, Gilles and Turner, Matthew A.},
  title =	 {The Fundamental Law of Road Congestion: Evidence
                  from US Cities},
  journal =	 {American Economic Review},
  year =	 2011,
  volume =	 101,
  pages =	 {2616-52},
  number =	 6,
  file =
                  {:C\:\\Users\\Quentin\\Desktop\\Commuting\\Fundamental
                  Law of Congestion.pdf:PDF},
  publisher =	 {American Economic Association}
}

@ARTICLE{duranton2013,
  author =	 {Duranton, Gilles and Turner, Matthew A.},
  title =	 {Urban Growth and Transportation},
  journal =	 {Review of Economic Studies},
  year =	 {Forthcoming},
  file =	 {:C\:\\Users\\Quentin\\Desktop\\Commuting\\Urban
                  Growth and Transportation.pdf:PDF},
  owner =	 {Quentin},
  timestamp =	 {2012.10.21}
}

@ARTICLE{eide1998,
  author =	 {Eide, Eric and Showalter, Mark H.},
  title =	 {The Effect of School Quality on Student Performance:
                  A Quantile Regression Approach},
  journal =	 {Economics Letters},
  year =	 1998,
  volume =	 58,
  pages =	 {345-350},
  number =	 3,
  publisher =	 {Elsevier}
}

@ARTICLE{elder2010,
  author =	 {Elder, Todd E.},
  title =	 {The Importance of Relative Standards in ADHD
                  diagnoses: Evidence Based on Exact Birth Dates},
  journal =	 {Journal of Health Economics},
  year =	 2010,
  volume =	 29,
  pages =	 {641-656},
  number =	 5,
  owner =	 {Quentin},
  timestamp =	 {2014.02.13}
}

@ARTICLE{engberg2012,
  author =	 {Engberg, John and Gill, Brian and Zamarro, Gema and
                  Zimmer, Ron},
  title =	 {Closing Schools in a Shrinking District: Do Student
                  Outcomes Depend on Which Schools Are Closed?},
  journal =	 {Journal of Urban Economics},
  year =	 2012,
  volume =	 71,
  pages =	 {189-203},
  number =	 2,
  file =	 {:C\:\\Users\\Quentin\\Desktop\\School
                  Closings\\Literature\\Closing Schools Engberg Gill
                  Zamarro Zimmer
                  201103.pdf:PDF;:C\:\\Users\\Quentin\\Desktop\\School
                  Closings\\Literature\\9 15 11 Engberg et
                  al.pdf:PDF;:C\:\\Users\\Quentin\\Desktop\\School
                  Closings\\Literature\\Engberg et al School
                  Closings.pdf:PDF},
  publisher =	 {Academic Press}
}

@ARTICLE{epple1993,
  author =	 {Epple, Dennis and Filimon, Radu and Romer, Thomas},
  title =	 {Existence of Voting and Housing Equilibrium in a
                  System of Communities with Property Taxes},
  journal =	 {Regional Science and Urban Economics},
  year =	 1993,
  volume =	 23,
  pages =	 {585-610},
  number =	 5,
  publisher =	 {Elsevier}
}

@INCOLLECTION{epple2003,
  author =	 {Epple, Dennis and Romano, Richard},
  title =	 {Neighborhood Schools, Choice, and the Distribution
                  of Educational Benefits},
  booktitle =	 {The Economics of School Choice},
  publisher =	 {University of Chicago Press},
  year =	 2003,
  editor =	 {Caroline M. Hoxby},
  owner =	 {Quentin},
  timestamp =	 {2012.09.17}
}

@ARTICLE{eren2007,
  author =	 {Ozkan Eren and Daniel Millimet},
  title =	 {Time to Learn? The Organizational Structure of
                  Schools and Student Achievement},
  journal =	 {Empirical Economics},
  year =	 2007,
  volume =	 32,
  pages =	 {301-332},
  number =	 {2-3},
  owner =	 {Quentin},
  timestamp =	 {2013.04.25}
}

@article{erikson2015,
  title =	 {Using Regression Discontinuity to Uncover the
                  Personal Incumbency Advantage},
  author =	 {Erikson, Robert S and Titiunik, Roc{\'\i}o},
  journal =	 {Quarterly Journal of Political Science},
  volume =	 10,
  pages =	 {101--119},
  year =	 2015
}

@ARTICLE{feng2010,
  author =	 {Li Feng},
  title =	 {Hire Today, Gone Tomorrow: New Teacher Classroom
                  Assignments and Teacher Mobility},
  journal =	 {Education Finance and Policy},
  year =	 2010,
  volume =	 5,
  pages =	 {278-316},
  number =	 3,
  owner =	 {Quentin},
  timestamp =	 {2013.05.12}
}

@article{freedman1981,
  title =	 {Bootstrapping regression models},
  author =	 {Freedman, David A},
  journal =	 {The Annals of Statistics},
  volume =	 9,
  number =	 6,
  pages =	 {1218-1228},
  year =	 1981,
}

@ARTICLE{freedman2015,
  author =	 {Freedman, Matthew and McGavock, Tamara},
  title =	 {Low-Income Housing Development, Poverty
                  Concentration, and Neighborhood Inequality},
  journal =	 {Journal of Policy Analysis and Management},
  year =	 2015,
  volume =	 {Forthcoming},
  owner =	 {Quentin},
  timestamp =	 {2015.04.20}
}

@unpublished{frolich2007,
  author =	 {Fr{\"o}lich, Markus},
  title =	 {Regression discontinuity design with covariates},
  year =	 2007,
  note =	 {IZA Discussion Paper No. 3024}
}

@ARTICLE{gibbons2013,
  author =	 {Gibbons, Stephen and Machin, Stephen and Silva,
                  Olmo},
  title =	 {Valuing School Quality Using Boundary
                  Discontinuities},
  journal =	 {Journal of Urban Economics},
  year =	 2013,
  volume =	 75,
  pages =	 {15-28},
  publisher =	 {Elsevier}
}

@ARTICLE{gill2007,
  author =	 {Gill, Brian and Zimmer, Ron and Christman, Jolly and
                  Blanc, Suzanne},
  title =	 {State Takeover, School Restructuring, Private
                  Management, and Student Achievement in Philadelphia},
  year =	 2007,
  volume =	 {RAND Corporation},
  file =	 {:C\:\\Users\\Quentin\\Desktop\\School
                  Closings\\Literature\\Closings\\RAND Philly
                  Report.pdf:PDF},
  publisher =	 {RAND Corporation}
}

@ARTICLE{graves2010,
  author =	 {Jennifer Graves},
  title =	 {The Academic Impact of Multi-Track Year-Round School
                  Calendars: A Response to School Overcrowding},
  journal =	 {Journal of Urban Economics},
  year =	 2010,
  volume =	 67,
  pages =	 {378-391},
  number =	 3,
  owner =	 {Quentin},
  timestamp =	 {2012.11.05}
}

@ARTICLE{graves2011,
  author =	 {Jennifer Graves},
  title =	 {Effects of Year-Round Schooling on Disadvantaged
                  Students and the Distribution of Standardized Test
                  Performance},
  journal =	 {Economics of Education Review},
  year =	 2011,
  volume =	 30,
  pages =	 {1281-1305},
  number =	 6,
  owner =	 {Quentin},
  timestamp =	 {2012.11.05}
}

@ARTICLE{grogger1996,
  author =	 {Grogger, Jeff},
  title =	 {Does School Quality Explain the Recent Black/White
                  Wage Trend?},
  journal =	 {Journal of Labor Economics},
  year =	 1996,
  pages =	 {231-253},
  number =	 2,
  publisher =	 {JSTOR}
}

@ARTICLE{guarino2006,
  author =	 {Cassandra M. Guarino and Lucrecia Santibanez and
                  Glenn A. Daley},
  title =	 {Teacher Recruitment and Retention: A Review of the
                  Recent Empirical Literature},
  journal =	 {Review of Educational Research},
  year =	 2006,
  volume =	 76,
  pages =	 {173-208},
  number =	 2,
  owner =	 {Quentin},
  timestamp =	 {2013.05.12}
}

@ARTICLE{guarino2011,
  author =	 {Cassandra M. Guarino and Mark D. Reckase and Jeffrey
                  M. Wooldridge},
  title =	 {Can Value-Added Measures of Teacher Performance Be
                  Trusted?},
  year =	 2011,
  volume =	 {Educational Policy Center Working Paper, Michigan
                  State University},
  owner =	 {Quentin},
  timestamp =	 {2012.06.07}
}

@ARTICLE{guryan2004,
  author =	 {Guryan, Jonathan},
  title =	 {Desegregation and Black Dropout Rates},
  journal =	 {American Economic Review},
  year =	 2004,
  pages =	 {919-943},
  number =	 4,
  publisher =	 {JSTOR}
}

@article{hall1988,
  title =	 {On bootstrap resampling and iteration},
  author =	 {Hall, Peter and Martin, Michael A},
  journal =	 {Biometrika},
  volume =	 75,
  number =	 4,
  pages =	 {661-671},
  year =	 1988,
  publisher =	 {Biometrika Trust}
}

@ARTICLE{hansen2007,
  author =	 {Christian B. Hansen},
  title =	 {Asymptotic Properties of a Robust Covariance
                  Estimator when $T$ is Large},
  journal =	 {Journal of Econometrics},
  year =	 2007,
  volume =	 141,
  pages =	 {597-620},
  number =	 2,
  owner =	 {Quentin},
  timestamp =	 {2013.06.03}
}

@ARTICLE{hansen2011,
  author =	 {Benjamin Hansen},
  title =	 {School Year Length and Student Performance: Quasi
                  Experimental Evidence},
  year =	 2011,
  volume =	 {Working Paper, University of Oregon.},
  owner =	 {Quentin},
  timestamp =	 {2013.04.25}
}

@ARTICLE{hanushek2003,
  author =	 {Hanushek, Eric A.},
  title =	 {The Failure of Input-Based Schooling Policies},
  journal =	 {Economic Journal},
  year =	 2003,
  volume =	 113,
  pages =	 {F64-F98},
  owner =	 {Quentin},
  timestamp =	 {2013.03.18}
}

@ARTICLE{hanushek2004,
  author =	 {Eric A. Hanushek and John F. Kain and Steven
                  G. Rivkin},
  title =	 {Why Public Schools Lose Teachers},
  journal =	 {Journal of Human Resources},
  year =	 2004,
  volume =	 39,
  pages =	 {326-354},
  number =	 2,
  owner =	 {Quentin},
  timestamp =	 {2013.05.12}
}

@ARTICLE{hess2003,
  author =	 {{Hess, Jr.}, G. Alfred},
  title =	 {Reconstitution � Three Years Later: Monitoring the
                  Effects of Sanctions on Chicago High Schools},
  journal =	 {Education and Urban Society},
  year =	 2003,
  volume =	 35,
  pages =	 {300-327},
  number =	 3,
  file =	 {:C\:\\Users\\Quentin\\Desktop\\School
                  Closings\\Literature\\Closings\\Hess (2003).pdf:PDF},
  owner =	 {Quentin},
  timestamp =	 {2012.06.07}
}

@ARTICLE{hollar2007,
  author =	 {Hollar, Michael and Usowski, Kurt},
  title =	 {Low-Income Housing Tax Credit Qualified Census
                  Tracts},
  journal =	 {Cityscape},
  year =	 2007,
  volume =	 9,
  pages =	 {153-159},
  number =	 3,
  owner =	 {Quentin},
  publisher =	 {JSTOR},
  timestamp =	 {2015.04.20}
}

@ARTICLE{horowitz1998,
  author =	 {Horowitz, Joel L. and Manski, Charles F.},
  title =	 {Censoring of Outcomes and Regressors Due to Survey
                  Nonresponse: Identification and Estimation Using
                  Weights and Imputations},
  journal =	 {Journal of Econometrics},
  year =	 1998,
  volume =	 84,
  pages =	 {37-58},
  number =	 1,
  file =	 {:C\:\\Users\\Quentin\\Desktop\\RD\\Lit\\Horowitz and
                  Manski (1998).pdf:PDF},
  publisher =	 {Elsevier}
}

@ARTICLE{hoxby2000,
  author =	 {Hoxby, Caroline M.},
  title =	 {The Effects of Class Size on Student Achievement:
                  New Evidence from Population Variation},
  journal =	 {Quarterly Journal of Economics},
  year =	 2000,
  volume =	 115,
  pages =	 {1239-1285},
  number =	 4,
  file =	 {:C\:\\Users\\Quentin\\Desktop\\Papers\\Class
                  Size\\The Quarterly Journal of
                  Economics-2000-Hoxby-1239-85.pdf:PDF},
  publisher =	 {Oxford University Press}
}

@INCOLLECTION{hsiao1983,
  author =	 {Cheng Hsiao},
  title =	 {Regression Analysis with a Categorized Explanatory
                  Variable},
  booktitle =	 {Studies in Econometrics, Time Series, and
                  Multivariate Statistics},
  publisher =	 {Academic Press},
  year =	 1983,
  editor =	 {Samuel Karlin and Takeshi Amemiya and Leo Goodman},
  address =	 {New York},
  owner =	 {Quentin},
  timestamp =	 {2012.06.18}
}

@ARTICLE{imbens1994,
  author =	 {Imbens, Guido W. and Angrist, Joshua D.},
  title =	 {Identification and Estimation of Local Average
                  Treatment Effects},
  journal =	 {Econometrica},
  year =	 1994,
  volume =	 91,
  pages =	 {467-475},
  number =	 434,
  publisher =	 {JSTOR}
}

@ARTICLE{imbens2008,
  author =	 {Imbens, Guido W and Lemieux, Thomas},
  title =	 {Regression Discontinuity Designs: A Guide to
                  Practice},
  journal =	 {Journal of Econometrics},
  year =	 2008,
  volume =	 142,
  pages =	 {615-635},
  number =	 2,
  publisher =	 {Elsevier}
}

@ARTICLE{imberman2012,
  author =	 {Scott A. Imberman and Adriana D. Kugler and Bruce
                  I. Sacerdote},
  title =	 {Katrina's Children: Evidence on the Structure of
                  Peer Effects from Hurricane Evacuees},
  journal =	 {American Economic Review},
  year =	 2012,
  volume =	 102,
  pages =	 {2048-2082},
  number =	 5,
  owner =	 {Quentin},
  timestamp =	 {2012.06.18}
}

@ARTICLE{jackson2009,
  author =	 {C. Kirabo Jackson and Elias Bruegmann},
  title =	 {Teaching Students and Teaching Each Other: The
                  Importance of Peer Learning for Teachers},
  journal =	 {American Economic Journal: Applied Economics},
  year =	 2009,
  volume =	 1,
  pages =	 {84-108},
  number =	 4,
  owner =	 {Quentin},
  timestamp =	 {2012.06.07}
}

@ARTICLE{jacoblefgren2003,
  author =	 {Jacob, Brian A. and Lefgren, Lars},
  title =	 {Are Idle Hands the Devil's Workshop? Incapacitation,
                  Concentration, and Juvenile Crime},
  journal =	 {American Economic Review},
  year =	 2003,
  volume =	 93,
  pages =	 {1560-1577},
  number =	 5,
  publisher =	 {Proquest ABI/INFORM}
}

@ARTICLE{jacoblefgren2004,
  author =	 {Jacob, Brian A. and Lefgren, Lars},
  title =	 {Remedial Education and Student Achievement: A
                  Regression-Discontinuity Analysis},
  journal =	 {Review of Economics and Statistics},
  year =	 2004,
  volume =	 86,
  pages =	 {226-244},
  number =	 1,
  publisher =	 {MIT Press}
}

@ARTICLE{jacobrockoff2011,
  author =	 {Brian A. Jacob and Jonah E. Rockoff},
  title =	 {Organizing Schools to Improve Student Achievement:
                  Start Times, Grade Configurations, and Teaching
                  Assignments},
  year =	 2011,
  volume =	 {Hamilton Project Discussion Paper 2011-08},
  owner =	 {Quentin},
  timestamp =	 {2013.05.12}
}

@article{keele2014geographic,
  title =	 {Geographic Boundaries as Regression Discontinuities},
  author =	 {Keele, Luke J and Titiunik, Rocio},
  journal =	 {Political Analysis},
  pages =	 {1-29},
  year =	 2014,
  publisher =	 {SPM-PMSAPSA}
}

@ARTICLE{keigher2010,
  author =	 {Keigher, Ashley},
  title =	 {Teacher Attrition and Mobility: Results from the
                  2008-09 Teacher Follow-Up Survey. (NCES 2010-353)},
  year =	 2010,
  volume =	 {U.S. Department of Education; Washington, DC:
                  National Center for Education Statistics},
  publisher =	 {ERIC}
}

@ARTICLE{khadduri2012,
  author =	 {Khadduri, Jill and Climaco, Carissa and Burnett,
                  Kimberly},
  title =	 {What Happens to Low-Income Housing Tax Credit
                  Properties at Year 15 and Beyond?},
  year =	 2012,
  volume =	 {U.S. Department of Housing and Urban Development,
                  Office of Policy Development and Research},
  owner =	 {Quentin},
  timestamp =	 {2015.04.22}
}

@ARTICLE{kirshner2010,
  author =	 {Ben Kirshner and Matthew Gaertner and Kristen
                  Pozzoboni},
  title =	 {Tracing Transitions: The Effect of High School
                  Closure on Displaced Students},
  journal =	 {Educational Evaluation and Policy Analysis},
  year =	 2010,
  volume =	 32,
  pages =	 {407-429},
  number =	 3,
  owner =	 {Quentin},
  timestamp =	 {2012.06.07}
}

@ARTICLE{knight2002endogenous,
  author =	 {Knight, Brian},
  title =	 {Endogenous Federal Grants and Crowd-Out of State
                  Government Spending: Theory and Evidence from the
                  Federal Highway Aid Program},
  journal =	 {American Economic Review},
  year =	 2002,
  pages =	 {71-92},
  number =	 1,
  file =	 {:C\:\\Users\\Quentin\\Desktop\\Commuting\\Knight AER
                  (2002).pdf:PDF},
  publisher =	 {JSTOR}
}

@ARTICLE{kramarz2012,
  author =	 {Francis Kramarz and Stephen Machin and Amine Ouazad},
  title =	 {Using Compulsory Mobility to Identify School Quality
                  and Peer Effects},
  year =	 2012,
  owner =	 {Quentin},
  timestamp =	 {2012.06.14}
}

@ARTICLE{krueger1999,
  author =	 {Krueger, Alan B.},
  title =	 {Experimental Estimates of Education Production
                  Functions},
  journal =	 {Quarterly Journal of Economics},
  year =	 1999,
  volume =	 114,
  pages =	 {497-532},
  number =	 2,
  owner =	 {Quentin},
  timestamp =	 {2013.03.18}
}

@ARTICLE{krueger2003,
  author =	 {Krueger, Alan B.},
  title =	 {Economic Considerations and Class Size},
  journal =	 {Economic Journal},
  year =	 2003,
  volume =	 113,
  pages =	 {F34-F63},
  number =	 485,
  publisher =	 {Wiley Online Library}
}

@ARTICLE{lankford2002,
  author =	 {Hamilton Lankford and Susanna Loeb and James
                  Wyckoff},
  title =	 {Teacher Sorting and the Plight of Urban Schools: A
                  Descriptive Analysis},
  journal =	 {Educational Evaluation and Policy Analysis},
  year =	 2002,
  volume =	 24,
  pages =	 {27-62},
  number =	 1,
  owner =	 {Quentin},
  timestamp =	 {2013.05.12}
}

@ARTICLE{lee2008,
  author =	 {Lee, David S. and Card, David},
  title =	 {Regression Discontinuity Inference with
                  Specification Error},
  journal =	 {Journal of Econometrics},
  year =	 2008,
  volume =	 142,
  pages =	 {655-674},
  number =	 2,
  publisher =	 {Elsevier}
}

@ARTICLE{lee2008rand,
  author =	 {David S. Lee},
  title =	 {Randomized Experiments from Non-Random Selection in
                  U.S. House Elections},
  journal =	 {Journal of Econometrics},
  year =	 2008,
  volume =	 142,
  pages =	 {675-697},
  number =	 2,
  owner =	 {Quentin},
  timestamp =	 {2015.04.27}
}

@ARTICLE{lee2010,
  author =	 {Lee, David S. and Thomas Lemieux},
  title =	 {Regression Discontinuity Designs in Economics},
  journal =	 {Journal of Economic Literature},
  year =	 2010,
  volume =	 48,
  pages =	 {281-355},
  number =	 2,
  owner =	 {Quentin},
  timestamp =	 {2013.12.01}
}

@ARTICLE{leebarro2001,
  author =	 {Lee, Jong-Wha and Barro, Robert J.},
  title =	 {Schooling Quality in a Cross-Section of Countries},
  journal =	 {Economica},
  year =	 2001,
  volume =	 68,
  pages =	 {465-488},
  number =	 272,
  publisher =	 {Wiley Online Library}
}

@MISC{lipmanperson2007,
  author =	 {Lipman, Pauline and Person, Alicia S.},
  title =	 {Students as Collateral Damage? A Preliminary Study
                  of Renaissance 2010 School Closings in the Midsouth},
  year =	 2007,
  file =	 {:C\:\\Users\\Quentin\\Desktop\\School
                  Closings\\Literature\\Closings\\DoesClosingSchoolsCauseEducationalHarm.pdf:PDF},
  publisher =	 {Chicago: Kenwood Oakland Community Organization}
}

@book{loader2006,
  title =	 {Local regression and likelihood},
  author =	 {Loader, Clive},
  year =	 2006,
  publisher =	 {Springer Science \& Business Media}
}

@ARTICLE{loeb2005,
  author =	 {Susanna Loeb and Linda Darling-Hammond and John
                  Luczak},
  title =	 {How Teaching Conditions Predict Teacher Turnover in
                  California Public Schools},
  journal =	 {Peabody Journal of Education},
  year =	 2005,
  volume =	 80,
  pages =	 {44-70},
  number =	 3,
  owner =	 {Quentin},
  timestamp =	 {2013.05.12}
}

@UNPUBLISHED{loeb2011,
  author =	 {Susanna Loeb and Jon Valant},
  title =	 {Student Mobility in Milwaukee: The Effects of School
                  Transfers on Mobile and Non-Mobile Students},
  year =	 2011,
  file =	 {:C\:\\Users\\Quentin\\Desktop\\Papers\\Student
                  Mobility\\Loeb and Valant Student Mobility
                  WP.pdf:PDF;:C\:\\Users\\Quentin\\Desktop\\Papers\\Student
                  Mobility\\Loeb and Valant Student Mobility WP
                  AEFP.pdf:PDF},
  owner =	 {Quentin},
  timestamp =	 {2012.06.22}
}

@ARTICLE{ludwig2007,
  author =	 {Ludwig, Jens and Miller, Douglas L.},
  title =	 {Does Head Start Improve Children's Life Chances?
                  Evidence from a Regression Discontinuity Design},
  journal =	 {Quarterly Journal of Economics},
  year =	 2007,
  volume =	 122,
  pages =	 {159-208},
  number =	 1,
  publisher =	 {Oxford University Press}
}

@ARTICLE{malen2002,
  author =	 {Betty Malen and Robert Croninger and Donna Muncey
                  and Donna Redmond-Jones},
  title =	 {Reconstituting Schools: �Testing� the �Theory of
                  Action�},
  journal =	 {Educational Evaluation and Policy Analysis},
  year =	 2002,
  volume =	 24,
  pages =	 {113-132},
  number =	 2,
  file =	 {:C\:\\Users\\Quentin\\Desktop\\School
                  Closings\\Literature\\Closings\\Malen et al EEPA
                  (2002).pdf:PDF},
  owner =	 {Quentin},
  timestamp =	 {2012.06.07}
}

@ARTICLE{manski2002,
  author =	 {Manski, Charles F. and Tamer, Elie},
  title =	 {Inference on Regressions with Interval Data on a
                  Regressor or Outcome},
  journal =	 {Econometrica},
  year =	 2002,
  volume =	 70,
  pages =	 {519-546},
  number =	 2,
  file =	 {:C\:\\Users\\Quentin\\Desktop\\RD\\Manski and Tamer
                  (2002).pdf:PDF},
  publisher =	 {Wiley Online Library}
}

@ARTICLE{marcotte2007,
  author =	 {Marcotte, David E.},
  title =	 {Schooling and Test Scores: A Mother-Natural
                  Experiment},
  journal =	 {Economics of Education Review},
  year =	 2007,
  volume =	 26,
  pages =	 {629-640},
  number =	 5,
  publisher =	 {Elsevier}
}

@ARTICLE{marcottehemelt2008,
  author =	 {Marcotte, David E. and Hemelt, Steven W.},
  title =	 {Unscheduled School Closings and Student Performance},
  journal =	 {Education Finance and Policy},
  year =	 2008,
  volume =	 3,
  pages =	 {316-338},
  number =	 3,
  publisher =	 {MIT Press}
}

@ARTICLE{matsudaira2008,
  author =	 {Jordan Matsudaira},
  title =	 {Mandatory Summer School and Student Achievement},
  journal =	 {Journal of Human Resources},
  year =	 2008,
  volume =	 142,
  pages =	 {829-850},
  number =	 2,
  owner =	 {Quentin},
  timestamp =	 {2012.11.05}
}

@ARTICLE{mccaffrey2009,
  author =	 {Daniel F. McCaffrey and Tim R. Sass and
                  J.R. Lockwood and Kata Mihaly},
  title =	 {The Intertemporal Variability of Teacher Effect
                  Estimates},
  journal =	 {Education Finance and Policy},
  year =	 2009,
  volume =	 4,
  pages =	 {572-606},
  number =	 4,
  owner =	 {Quentin},
  timestamp =	 {2013.05.12}
}

@ARTICLE{mcmullen2012,
  author =	 {Steven C. McMullen and Kathryn E. Rouse},
  title =	 {The Impact of Year-Round Schooling on Academic
                  Achievement: Evidence from Mandatory School Calendar
                  Conversions},
  journal =	 {American Economic Journal: Economic Policy},
  year =	 2012,
  volume =	 4,
  pages =	 {230-252},
  number =	 4,
  owner =	 {Quentin},
  timestamp =	 {2012.11.05}
}

@MISC{mde2007,
  author =	 {{Michigan Department of Education}},
  title =	 {Guide to reading the Michigan School Report Cards
                  2007},
  howpublished =
                  {\urlstyle{same}\url{http://www.michiganedusource.org/MDE/ReportCards.pdf}},
  year =	 2007,
  note =	 {Accessed August 29, 2012},
  owner =	 {Quentin},
  timestamp =	 {2013.05.12}
}

@BOOK{mostlyharmless,
  title =	 {Mostly Harmless Econometrics: An Empiricists'
                  Companion},
  publisher =	 {Princeton Univerisity Press},
  year =	 2009,
  author =	 {Joshua Angrist and {J\"{o}rn-Steffen} Pischke},
  address =	 {Princeton, NJ},
  owner =	 {Quentin},
  timestamp =	 {2013.05.12}
}

@ARTICLE{ost2011,
  author =	 {Ben Ost},
  title =	 {How Do Teachers Improve? The Relative Importance of
                  Specific and General Human Capital},
  year =	 2011,
  volume =	 {Ithaca, N.Y.: Cornell University},
  owner =	 {Quentin},
  timestamp =	 {2013.05.12}
}

@ARTICLE{papke2005,
  author =	 {Papke, Leslie E.},
  title =	 {The Effects of Spending on Test Pass Rates: Evidence
                  from Michigan},
  journal =	 {Journal of Public Economics},
  year =	 2005,
  volume =	 89,
  pages =	 {821-839},
  number =	 5,
  publisher =	 {Elsevier}
}

@ARTICLE{papke2008,
  author =	 {Papke, Leslie E. and Wooldridge, Jeffrey M.},
  title =	 {Panel Data Methods for Fractional Response Variables
                  with an Application to Test Pass Rates},
  journal =	 {Journal of Econometrics},
  year =	 2008,
  volume =	 145,
  pages =	 {121-133},
  number =	 1,
  publisher =	 {Elsevier}
}

@ARTICLE{pischke2007,
  author =	 {{J\"{o}rn-Steffen} Pischke},
  title =	 {The Impact of Length of the School Year on Student
                  Performance and Earnings: Evidence from the German
                  Short School Years},
  journal =	 {Economic Journal},
  year =	 2007,
  volume =	 117,
  pages =	 {1216-1242},
  number =	 523,
  publisher =	 {Blackwell Publising Ltd}
}

@ARTICLE{reback2008,
  author =	 {Reback, Randall},
  title =	 {Demand (and Supply) in an Inter-District Public
                  School Choice Program},
  journal =	 {Economics of Education Review},
  year =	 2008,
  volume =	 27,
  pages =	 {402-416},
  number =	 4,
  publisher =	 {Elsevier}
}

@ARTICLE{reber2010,
  author =	 {Sarah J. Reber},
  title =	 {School Desegregation and Educational Attainment for
                  Blacks},
  journal =	 {Journal of Human Resources},
  year =	 2010,
  volume =	 45,
  pages =	 {893-914},
  number =	 4,
  owner =	 {Quentin},
  timestamp =	 {2012.09.22}
}

@ARTICLE{reg2hdfe,
  author =	 {Paulo {Guimar\~{a}es} and Pedro Portugal},
  title =	 {A Simple Feasible Alternative Procedure to Estimate
                  Models with High-Dimensional Fixed Effects},
  journal =	 {Stata Journal},
  year =	 2010,
  volume =	 10,
  pages =	 {628-649},
  number =	 4,
  owner =	 {Quentin},
  timestamp =	 {2012.06.29}
}

@ARTICLE{rincke2006,
  author =	 {Rincke, Johannes},
  title =	 {Competition in the Public School Sector: Evidence on
                  Strategic Interaction Among US School Districts},
  journal =	 {Journal of Urban Economics},
  year =	 2006,
  volume =	 59,
  pages =	 {352-369},
  number =	 3,
  publisher =	 {Elsevier}
}

@ARTICLE{rincke2006publicchoice,
  author =	 {Rincke, Johannes},
  title =	 {Policy Innovation in Local Jurisdictions: Testing
                  for Neighborhood Influence in School Choice
                  Policies},
  journal =	 {Public Choice},
  year =	 2006,
  volume =	 129,
  pages =	 {189-200},
  number =	 1,
  publisher =	 {Springer}
}

@ARTICLE{rizzuto1980,
  author =	 {Rizzuto, Ronald and Wachtel, Paul},
  title =	 {Further Evidence on the Returns to School Quality},
  journal =	 {Journal of Human Resources},
  year =	 1980,
  pages =	 {240-254},
  number =	 2,
  publisher =	 {JSTOR}
}

@ARTICLE{rockofflockwood,
  author =	 {Jonah E. Rockoff and Benjamin B. Lockwood},
  title =	 {Stuck in the Middle: Impacts of Grade Configuration
                  in Public Schools},
  journal =	 {Journal of Public Economics},
  year =	 2010,
  volume =	 94,
  pages =	 {1051-1061},
  number =	 11,
  owner =	 {Quentin},
  timestamp =	 {2012.06.07}
}

@ARTICLE{ronfeldt2011,
  author =	 {Matthew Ronfeldt and Hamilton Lankford and Susanna
                  Loeb and James Wyckoff},
  title =	 {How Teacher Turnover Harms Student Achievement},
  year =	 2011,
  volume =	 {NBER Working Paper 17176},
  file =	 {:C\:\\Users\\Quentin\\Desktop\\School
                  Closings\\Literature\\w17176.pdf:PDF},
  owner =	 {Quentin},
  timestamp =	 {2012.06.18}
}

@ARTICLE{rouse1998,
  author =	 {Rouse, Cecilia E.},
  title =	 {Private School Vouchers and Student Achievement: An
                  Evaluation of the Milwaukee Parental Choice Program},
  journal =	 {The Quarterly Journal of Economics},
  year =	 1998,
  volume =	 113,
  pages =	 {553-602},
  number =	 2,
  publisher =	 {Oxford University Press}
}

@ARTICLE{sacerdoteclosings,
  author =	 {Bruce Sacerdote},
  title =	 {When the Saints Come Marching In: Effects of
                  Hurricanes Katrina and Rita on Student Evacuees},
  journal =	 {American Economic Journal: Applied Economics},
  year =	 2012,
  volume =	 4,
  pages =	 {109-135},
  number =	 1,
  owner =	 {Quentin},
  timestamp =	 {2012.06.07}
}

@MISC{sagness1993,
  author =	 {Richard L. Sagness and Stephanie L. Salzman},
  title =	 {Evaluation of the Four-Day School Week in Idaho
                  Suburban Schools},
  howpublished = {Paper Presented at the Annual Meeting of the
                  Northern Rocky Mountain Educational Research
                  Association},
  month =	 {October},
  year =	 1993,
  booktitle =	 {Annual Meeting of the Northern Rocky Mountain
                  Educational Research Association},
  owner =	 {Quentin},
  timestamp =	 {2012.11.05},
  volume =
                  {http://www.eric.ed.gov/ERICWebPortal/search/detailmini.jsp?_nfpb=true\&_\&ERICExtSearch_SearchValue_0=ED362995\&ERICExtSearch_SearchType_0=no\&accno=ED362995}
}

@ARTICLE{schmieder2012,
  author =	 {Schmieder, Johannes F. and Von Wachter, Till and
                  Bender, Stefan},
  title =	 {The Effects of Extended Unemployment Insurance over
                  the Business Cycle: Evidence from Regression
                  Discontinuity Estimates over 20 Years},
  journal =	 {Quarterly Journal of Economics},
  year =	 2012,
  volume =	 127,
  pages =	 {701-752},
  number =	 2,
  publisher =	 {Oxford University Press}
}

@ARTICLE{scottclayton2011,
  author =	 {Scott-Clayton, Judith},
  title =	 {On Money and Motivation: A Quasi-Experimental
                  Analysis of Financial Incentives for College
                  Achievement},
  journal =	 {Journal of Human Resources},
  year =	 2011,
  volume =	 46,
  pages =	 {614-646},
  number =	 3,
  publisher =	 {University of Wisconsin Press}
}

@ARTICLE{shields2001,
  author =	 {Patrick M. Shields and Daniel C. Humphrey and
                  Marjorie E. Wechsler and Lori M. Riehl and Juliet
                  Tiffany-Morales and Katrina Woodworth and Viki
                  M. Young and Tiffany Price},
  title =	 {The Status of the Teaching Profession},
  year =	 2001,
  volume =	 {Santa Cruz, CA: The Center for the Future of
                  Teaching and Learning},
  owner =	 {Quentin},
  timestamp =	 {2013.05.12}
}

@ARTICLE{sims2008,
  author =	 {Sims, David P.},
  title =	 {Strategic Responses to School Accountability
                  Measures: It's All in the Timing},
  journal =	 {Economics of Education Review},
  year =	 2008,
  volume =	 27,
  pages =	 {58-68},
  number =	 1,
  publisher =	 {Elsevier}
}

@MISC{steiner2009,
  author =	 {Steiner, Lucy},
  title =	 {Tough Decisions: Closing Persistently Low-Performing
                  Schools},
  howpublished = {Lincoln, IL: Center on Innovation and Improvement.},
  year =	 2009,
  file =	 {:C\:\\Users\\Quentin\\Desktop\\School
                  Closings\\Literature\\Closings\\Tough_Decisions
                  (Steiner).pdf:PDF},
  volume =	 18
}

@ARTICLE{stevens1997,
  author =	 {Ann Huff Stevens},
  title =	 {Persistent Effects of Job Displacement: The
                  Importance of Multiple Losses},
  journal =	 {Journal of Labor Economics},
  year =	 1997,
  volume =	 15,
  pages =	 {165-188},
  number =	 1,
  file =	 {:C\:\\Users\\Quentin\\Desktop\\School
                  Closings\\Literature\\Displaced Worker\\Stevens
                  (1997).pdf:PDF},
  owner =	 {Quentin},
  timestamp =	 {2012.06.07}
}

@article{thistlethwaite1960,
  title =	 {Regression-discontinuity analysis: An alternative to
                  the ex post facto experiment.},
  author =	 {Thistlethwaite, Donald L. and Campbell, Donald T.},
  journal =	 {Journal of Educational psychology},
  volume =	 51,
  number =	 6,
  pages =	 309,
  year =	 1960,
  publisher =	 {American Psychological Association}
}

@ARTICLE{toddwolpin,
  author =	 {Petra E. Todd and Kenneth I. Wolpin},
  title =	 {On the Specification and Estimation of the
                  Production Function for Cognitive Achievement},
  journal =	 {Economic Journal},
  year =	 2003,
  volume =	 113,
  pages =	 {F3-F33},
  number =	 485,
  owner =	 {Quentin},
  timestamp =	 {2012.06.07}
}

@INCOLLECTION{toma2006,
  author =	 {Toma, Eugenia F. and Zimmer, Ron and Jones, John T.},
  title =	 {Beyond Achievement: Enrollment Consequences of
                  Charter Schools in Michigan},
  booktitle =	 {Improving School Accountability (Advances in Applied
                  Microeconomics)},
  publisher =	 {Emerald Group Publishing Limited},
  year =	 2006,
  editor =	 {Timothy J. Gronberg and Dennis W. Jansen},
  volume =	 14,
  pages =	 {241-255},
  file =	 {:C\:\\Users\\Quentin\\Desktop\\Papers\\Charter
                  School Papers\\Toma et al. Enrollment consequences
                  of Charter Schools.pdf:PDF},
  journal =	 {Improving School Accountability: Check-Ups or Choice
                  (Advances in Applied Microeconomics)}
}

@article{urquiola2009,
  title =	 {Class-size caps, sorting, and the
                  regression-discontinuity design},
  author =	 {Urquiola, Miguel and Verhoogen, Eric},
  journal =	 {The American Economic Review},
  volume =	 99,
  number =	 1,
  pages =	 {179--215},
  year =	 2009,
  publisher =	 {American Economic Association}
}

@Book{VDV00,
  author = 	 {A. W. van der Vaart},
  title = 	 {Asymptotic Statistics},
  publisher = 	 {Cambridge University Press},
  year = 	 {2000},
}

@article{vdk2002,
  title =	 {Estimating the effect of financial aid offers on
                  college enrollment: A Regression--Discontinuity
                  Approach*},
  author =	 {Van der Klaauw, Wilbert},
  journal =	 {International Economic Review},
  volume =	 43,
  number =	 4,
  pages =	 {1249--1287},
  year =	 2002,
  publisher =	 {Wiley Online Library}
}

@ARTICLE{wiley2010,
  author =	 {Edward W. Wiley and Eleanor R. Spindler and Amy
                  N. Subert},
  title =	 {Denver ProComp: An Outcomes Evaluation of Denver's
                  Alternative Teacher Compensation System},
  volume =	 {Denver: Denver Classroom Teachers Association.},
  owner =	 {Quentin},
  timestamp =	 {2013.05.12}
}

@BOOK{wooldridge,
  title =	 {Econometric Analysis of Cross Section and Panel
                  Data},
  publisher =	 {MIT Press},
  year =	 2010,
  author =	 {Jeffrey M. Wooldridge},
  address =	 {Cambridge, M.A.},
  edition =	 {2\textsuperscript{nd}},
  owner =	 {Quentin},
  timestamp =	 {2013.05.12}
}

@ARTICLE{wosmann2003,
  author =	 {Ludger Woessmann},
  title =	 {Schooling Resources, Educational Institutions and
                  Student Performance: The International Evidence},
  journal =	 {Oxford Bulletin of Economics and Statistics},
  year =	 2003,
  volume =	 65,
  pages =	 {117-170},
  number =	 2,
  owner =	 {Quentin},
  timestamp =	 {2013.04.25}
}

@ARTICLE{xu2009,
  author =	 {Zeyu Xu and Jane Hannaway and Stephanie D'Souza},
  title =	 {Student Transience in North Carolina: The Effect of
                  School Mobility on Student Outcomes Using
                  Longitudinal Data.},
  year =	 2009,
  volume =	 {National Center for Analysis of Longitudinal Data in
                  Education Research Working Paper 22},
  file =	 {:C\:\\Users\\Quentin\\Desktop\\Papers\\Student
                  Mobility\\Xu et al (2009).pdf:PDF},
  owner =	 {Quentin},
  timestamp =	 {2012.06.07}
}

@incollection{mackinnon2013thirty,
	title={Thirty years of heteroskedasticity-robust inference},
	author={MacKinnon, James G},
	booktitle={Recent advances and future directions in causality, prediction, and specification analysis},
	pages={437--461},
	year={2013},
	publisher={Springer}
}

@comment{jabref-meta: selector_publisher:}

@comment{jabref-meta: selector_review:}

@comment{jabref-meta: selector_Common Core of Data:}

@comment{jabref-meta: selector_author:}

@comment{jabref-meta: selector_keywords:}

@comment{jabref-meta: selector_journal:}

